<record><leader>00000cas a22000007a 4500</leader><controlfield tag="001">32324804</controlfield><controlfield tag="008">950417d19821984okuwr n       0    0eng d</controlfield><datafield ind1=" " ind2=" " tag="010"><subfield code="a">sn 95076069 </subfield></datafield><datafield ind1=" " ind2=" " tag="040"><subfield code="a">OBN</subfield><subfield code="b">eng</subfield><subfield code="c">OBN</subfield><subfield code="d">OCLCQ</subfield><subfield code="d">OCLCF</subfield><subfield code="d">OCLCO</subfield></datafield><datafield ind1="1" ind2=" " tag="029"><subfield code="a">AU@</subfield><subfield code="b">000011677571</subfield></datafield><datafield ind1=" " ind2=" " tag="042"><subfield code="a">msc</subfield></datafield><datafield ind1=" " ind2=" " tag="043"><subfield code="a">n-us-ok</subfield></datafield><datafield ind1="0" ind2="4" tag="245"><subfield code="a">The Northwest quill.</subfield></datafield><datafield ind1="3" ind2=" " tag="246"><subfield code="a">Quill</subfield></datafield><datafield ind1=" " ind2=" " tag="260"><subfield code="a">Warr Acres, Okla. :</subfield><subfield code="b">Jerry and Helen Whited</subfield></datafield><datafield ind1=" " ind2=" " tag="300"><subfield code="a">v.</subfield></datafield><datafield ind1=" " ind2=" " tag="310"><subfield code="a">Weekly</subfield></datafield><datafield ind1="1" ind2=" " tag="362"><subfield code="a">Vol. 1, no. 1 (Apr. 1, 1982)-v.3, no. 46 (Nov. 29, 1984).</subfield></datafield><datafield ind1=" " ind2=" " tag="500"><subfield code="a">"Legal newspaper serving Warr Acres and the Putnam City School District."</subfield></datafield><datafield ind1=" " ind2="0" tag="651"><subfield code="a">Warr Acres (Okla.)</subfield><subfield code="v">Newspapers.</subfield></datafield><datafield ind1=" " ind2="0" tag="651"><subfield code="a">Oklahoma County (Okla.)</subfield><subfield code="v">Newspapers.</subfield></datafield><datafield ind1=" " ind2="7" tag="655"><subfield code="a">Newspapers.</subfield><subfield code="2">fast</subfield><subfield code="0">(OCoLC)fst01423814</subfield></datafield><datafield ind1=" " ind2="7" tag="651"><subfield code="a">Oklahoma</subfield><subfield code="z">Oklahoma County.</subfield><subfield code="2">fast</subfield><subfield code="0">(OCoLC)fst01210430</subfield></datafield><datafield ind1=" " ind2="7" tag="651"><subfield code="a">Oklahoma</subfield><subfield code="z">Warr Acres.</subfield><subfield code="2">fast</subfield><subfield code="0">(OCoLC)fst01228862</subfield></datafield><datafield ind1=" " ind2=" " tag="752"><subfield code="a">United States</subfield><subfield code="b">Oklahoma</subfield><subfield code="c">Oklahoma</subfield><subfield code="d">Oklahoma City.</subfield></datafield><datafield ind1="0" ind2="0" tag="780"><subfield code="t">Putnam City-northwest news</subfield><subfield code="w">(DLC)sn 95076068</subfield><subfield code="w">(OCoLC)32324765</subfield></datafield><datafield ind1="0" ind2="4" tag="785"><subfield code="t">Midtown news</subfield><subfield code="w">(DLC)sn 85000229</subfield><subfield code="w">(OCoLC)11586357</subfield></datafield></record>